@article{pasztor2007interpretation,
  title={An interpretation of the Nebra disc},
  author={Pasztor, Emilia and Roslund, Curt},
  journal={antiquity},
  volume={81},
  number={312},
  pages={267--278},
  year={2007},
  publisher={Cambridge University Press}
}
@incollection{beggs2012unifying,
  title={Unifying science through computation: Reflections on computability and physics},
  author={Beggs, Edwin J and Costa, Jos{\'e} F{\'e}lix and Tucker, John V},
  booktitle={Special sciences and the unity of science},
  pages={53--80},
  year={2012},
  publisher={Springer}
}