% Author字段作者之间用and分割，并且姓在前，名在后
@article{
bib文献标记,
   Author = {Yu Evan and Bond James and Yu Hongbin},
   Title = {bibtex使用示例},
   Journal = {Nature},
   Number = {427},
   Pages = {829-832},
   Year = {2004}
}
